
@book{tukey_exploratory_1977,
	edition = {1 edition},
	title = {Exploratory {Data} {Analysis} by {John} {W}. {Tukey}},
	abstract = {Will be shipped from US. Used books may not include companion materials, may have some shelf wear, may contain highlighting/notes, may not include CDs or access codes. 100\% money back guarantee.},
	publisher = {Pearson},
	author = {Tukey, John W.},
	month = jan,
	year = {1977}
}

@article{friendly_early_2005,
	title = {The early origins and development of the scatterplot},
	volume = {41},
	issn = {0022-5061, 1520-6696},
	url = {http://doi.wiley.com/10.1002/jhbs.20078},
	doi = {10.1002/jhbs.20078},
	language = {en},
	number = {2},
	urldate = {2020-02-07},
	journal = {Journal of the History of the Behavioral Sciences},
	author = {Friendly, Michael and Denis, Daniel},
	year = {2005},
	pages = {103--130}
}